@techreport{hohoemi-service,
   author	 = "中茂,睦裕 and 玉木,秀和 and 東野,豪 and 小林,稔",
   title	 = "非同期コミュニケーションを促進する微笑み通信メディアの評価",
   year 	 = "2010",
   institution	 = "エヌ・ティ・ティ・コミュニケーションズ株式会社, 日本電信電話株式会社NTTサイバーソリューション研究所, 日本電信電話株式会社NTTサイバーソリューション研究所, 日本電信電話株式会社NTTサイバーソリューション研究所",
   number	 = "6",
   month	 = "jul"
}
@misc{voice-notes,
        author  = "Shirin Ghaffary",
        title   = "Why all your friends are sending you voice notes",
        howpublished    = "\url{https://www.vox.com/technology/23665101/voice-message-whatsapp-apple-text}",
        year    = "2023",
        month = "apr"
}
@article{tsubuyaki-service,
  title={音声つぶやきによる看護・介護サービスの記録・連携支援(&lt;特集&gt;介護・医療システムの現場参加型開発)},
  author={内平 直志},
  journal={人工知能},
  volume={28},
  number={6},
  pages={893-898},
  year={2013},
  doi={10.11517/jjsai.28.6_893}
}
@techreport{asynchronous-message,
   author	 = "幸英浩 and 西本,卓也 and 新美,康永",
   title	 = "非同期型音声メッセージシステムの提案",
   year 	 = "1998",
   institution	 = "京都工芸繊維大学工芸学部電子情報工学科, 京都工芸繊維大学工芸学部電子情報工学科, 京都工芸繊維大学工芸学部電子情報工学科",
   number	 = "68(1998-SLP-022)",
   month	 = "jul"
}
@article{1050282813401063936,
author="辻田, 眸 and 川原, 夕季 and 塚田, 浩二 and 椎尾, 一郎",
title="時差を考慮した遠隔コミュニケーション支援システム",
journal="情報処理学会研究報告. UBI, ユビキタスコンピューティングシステム",
ISSN="09196072",
publisher="情報処理学会",
year="2011",
month="05",
volume="2011-UBI-30",
number="7",
pages="1-6",
URL="https://cir.nii.ac.jp/crid/1050282813401063936"
}
@Book{white_paper_infor_commun_japan,
  author =       "総務省",
  title =        "令和元年版 情報通信白書",
  publisher =    "日本政府",
  note = "第1部 第1節 インターネットの発展・普及はコミュニケーションをどのように変えたのか",
  year =         "2019"
}
@techreport{weko_37223_1,
   author	 = "脇田,敏裕 and 長屋,隆之 and 寺嶌立太",
   title	 = "2次元コードを用いたWWWと紙メディアとの融合の試み",
   year 	 = "1998",
   institution	 = "豊田中央研究所 ソフトウエア研究室, 豊田中央研究所 ソフトウエア研究室, 豊田中央研究所 ソフトウエア研究室",
   number	 = "9(1997-HI-076)",
   month	 = "jan"
}
@techreport{weko_99572_1,
   author	 = "古本,啓祐 and 森井,昌克",
   title	 = "多値二次元コードを利用した視覚障害者に対する音声支援",
   year 	 = "2014",
   institution	 = "神戸大学大学院工学研究科, 神戸大学大学院工学研究科",
   number	 = "13",
   month	 = "mar"
}
