@techreport{weko_70056_1,
   author	 = "中茂,睦裕 and 玉木,秀和 and 東野,豪 and 小林,稔",
   title	 = "非同期コミュニケーションを促進する微笑み通信メディアの評価",
   year 	 = "2010",
   institution	 = "エヌ・ティ・ティ・コミュニケーションズ株式会社, 日本電信電話株式会社NTTサイバーソリューション研究所, 日本電信電話株式会社NTTサイバーソリューション研究所, 日本電信電話株式会社NTTサイバーソリューション研究所",
   number	 = "6",
   month	 = "jul"
}